@book{nobel:bcs,
  title     = {Nobel Lectures, Physics 1971-1980},
  year      = {1992},
  publisher = {World Scientific Publishing Co., Singapore},
  editor={Stig Lundqvist}
}